@techreport{supenprodc,
author={Rosero-Bixby, L.},
title={Producto C para SUPEN. Proyección de la mortalidad de Costa Rica 2015-2150},
institution={CCP-UCR},
year={2018},
url={http://srv-website.cloudapp.net/documents/10179/999061/Nota+t%C3%A9cnica+tablas+de+vida+segunda+parte}
}

@inbook{oscarh-1,
author={Hernández, O.},
title={Introducción a las Series Cronológicas},
chapter={1},
pages={1},
publisher={Editorial Universidad de Costa Rica},
year={2011},
edition={1},
url={http://www.editorial.ucr.ac.cr/ciencias-naturales-y-exactas/item/1985-introduccion-a-las-series-cronologicas.html}
}

@inbook{oscarh-2,
author={Hernández, O.},
title={Introducción a las Series Cronológicas},
chapter={1},
pages={2},
publisher={Editorial Universidad de Costa Rica},
year={2011},
edition={1},
url={http://www.editorial.ucr.ac.cr/ciencias-naturales-y-exactas/item/1985-introduccion-a-las-series-cronologicas.html}
}

@book{brown,
author={Brown, Robert G.},
title={Exponential Smoothing for Predicting Demand},
publisher={A.D.Little},
year={1956},
url={https://www.industrydocuments.ucsf.edu/docs/jzlc0130}
}

@book{kedem,
  title={Regression Models for Time Series Analysis},
  author={Kedem, B. and Fokianos, K.},
  isbn={9780471461685},
  series={Wiley Series in Probability and Statistics},
  url={https://books.google.co.cr/books?id=8r0qE35wt44C},
  year={2005},
  publisher={Wiley}
}

@book{box-jenkins,
  title={Time Series Analysis: Forecasting and Control},
  author={Box, G.E.P. and Jenkins, G.M. and Reinsel, G.C.},
  isbn={9780130607744},
  lccn={93034620},
  series={Forecasting and Control Series},
  url={https://books.google.co.cr/books?id=sRzvAAAAMAAJ},
  year={1994},
  publisher={Prentice Hall}
}

@book{hyndman2018forecasting,
  title={Forecasting: principles and practice},
  author={Hyndman, R.J. and Athanasopoulos, G.},
  isbn={9780987507112},
  url={https://books.google.co.cr/books?id=\_bBhDwAAQBAJ},
  year={2018},
  publisher={OTexts}
}

@article{auto.arima,
   author = {Rob Hyndman and Yeasmin Khandakar},
   title = {Automatic Time Series Forecasting: The forecast Package for R},
   journal = {Journal of Statistical Software, Articles},
   volume = {27},
   number = {3},
   year = {2008},
   issn = {1548-7660},
   pages = {1--22},
   doi = {10.18637/jss.v027.i03},
   url = {https://www.jstatsoft.org/v027/i03}
}

@article{hannan,
 ISSN = {00063444},
 URL = {http://www.jstor.org/stable/2335856},
 author = {E. J. Hannan and J. Rissanen},
 journal = {Biometrika},
 number = {1},
 pages = {81--94},
 publisher = {[Oxford University Press, Biometrika Trust]},
 title = {Recursive Estimation of Mixed Autoregressive-Moving Average Order},
 volume = {69},
 year = {1982}
}

@booklet{gomez,
title={Automatic Model Identification in the Presence of Missing Observations and Outliers.},
author={Gómez, V.},
year={1998},
howpublished={Working paper D-98009},
editor={Ministerio de Economía y Hacienda, Dirección General de Análisis y Programación Presupuestaria}
}

@booklet{tramo,
title={Programs TRAMO and SEATS, Instructions for the Users.},
author={Gómez, V. and Maraval, A.},
year={1998},
howpublished={Working paper 97001},
editor={Ministerio de Economía y Hacienda, Dirección General de Análisis y Programación Presupuestaria}
}

@article{liu,
author = { Lon-Mu   Liu },
title = {Identification of seasonal arima models using a filtering method},
journal = {Communications in Statistics - Theory and Methods},
volume = {18},
number = {6},
pages = {2279-2288},
year  = {1989},
publisher = {Taylor & Francis},
doi = {10.1080/03610928908830035},
URL = {https://doi.org/10.1080/03610928908830035},
eprint = {https://doi.org/10.1080/03610928908830035}
}

@article{melard,
title = "Automatic ARIMA modeling including interventions, using time series expert software",
journal = "International Journal of Forecasting",
volume = "16",
number = "4",
pages = "497 - 508",
year = "2000",
note = "The M3- Competition",
issn = "0169-2070",
doi = "https://doi.org/10.1016/S0169-2070(00)00067-4",
url = "http://www.sciencedirect.com/science/article/pii/S0169207000000674",
author = "G. Mélard and J.-M. Pasteels"
}

@article{forecastpro,
author={Goodrich, RL},
title={The Forecast Pro Methodology},
journal={International Journal of Forecasting},
year={2000},
volume={16},
number={4},
pages={533-535},
url={http://www.forecasting-competition.com/downloads/NN3/methods/Goodrich%20(2000)%20The%20Forecast%20Pro%20methodology%20science.pdf}
}

@article{autobox,
author={Reilly, D.},
title={The Autobox System},
journal={International Journal of Forecasting},
year={2000},
volume={16},
number={4},
pages={531-533},
url={https://ideas.repec.org/a/eee/intfor/v16y2000i4p531-533.html}
}

@book{hyndman_box-jenkins,
  title={Forecasting: principles and practice},
  author={Hyndman, R.J. and Athanasopoulos, G.},
  isbn={9780987507112},
  url={https://books.google.co.cr/books?id=\_bBhDwAAQBAJ},
  year={2018},
  publisher={OTexts}
}

@inbook{oscarh-3,
author={Hernández, O.},
title={Introducción a las Series Cronológicas},
chapter={6},
pages={77},
publisher={Editorial Universidad de Costa Rica},
year={2011},
edition={1},
url={http://www.editorial.ucr.ac.cr/ciencias-naturales-y-exactas/item/1985-introduccion-a-las-series-cronologicas.html}
}


@book{diferenciacion,
  title={An Introductory Study on Time Series Modeling and Forecasting},
  author={Adhikari, R. and K, A.R. and Agrawal, R.K.},
  isbn={9783659335082},
  url={https://books.google.co.cr/books?id=WP0tlwEACAAJ},
  year={2013},
  publisher={Lap Lambert Academic Publishing GmbH KG},
pages={16},
url={https://arxiv.org/ftp/arxiv/papers/1302/1302.6613.pdf}
}
