@book{oscarh-1,
author={Hernández, O.},
title={Introducción a las Series Cronológicas},
publisher={Editorial Universidad de Costa Rica},
year={2011},
edition={1},
url={http://www.editorial.ucr.ac.cr/ciencias-naturales-y-exactas/item/1985-introduccion-a-las-series-cronologicas.html}
}

@book{analisis_combinatorio,
author={Hernández, O.},
title={Modelos probabilísticos discretos},
publisher={Editorial Universidad de Costa Rica},
year={2008},
edition={1},
url={http://www.editorial.ucr.ac.cr/ciencias-naturales-y-exactas/item/2168-modelos-probabilisticos-discretos.html}
}


@techreport{supenprodc,
author={Rosero-Bixby, L.},
title={Producto C para SUPEN. Proyección de la mortalidad de Costa Rica 2015-2150},
institution={CCP-UCR},
year={2018},
url={http://srv-website.cloudapp.net/documents/10179/999061/Nota+t%C3%A9cnica+tablas+de+vida+segunda+parte}
}

@book{brown,
author={Brown, R.},
title={Exponential Smoothing for Predicting Demand},
publisher={A.D.Little},
year={1956},
url={https://www.industrydocuments.ucsf.edu/docs/jzlc0130}
}

@book{kedem,
  title={Regression Models for Time Series Analysis},
  author={Kedem, B. and Fokianos, K.},
  isbn={9780471461685},
  series={Wiley Series in Probability and Statistics},
  url={https://books.google.co.cr/books?id=8r0qE35wt44C},
  year={2005},
  publisher={Wiley}
}

@book{box-jenkins,
  title={Time Series Analysis: Forecasting and Control},
  author={Box, G.E.P. and Jenkins, G.M. and Reinsel, G.C.},
  isbn={9780130607744},
  lccn={93034620},
  series={Forecasting and Control Series},
  url={https://books.google.co.cr/books?id=sRzvAAAAMAAJ},
  year={1994},
  publisher={Prentice Hall}
}

@book{hyndman2018forecasting,
  title={Forecasting: principles and practice},
  author={Hyndman, R.J. and Athanasopoulos, G.},
  isbn={9780987507112},
  url={https://books.google.co.cr/books?id=\_bBhDwAAQBAJ},
  year={2018},
  publisher={OTexts}
}

@article{auto.arima,
   author = {Rob Hyndman and Yeasmin Khandakar},
   title = {Automatic Time Series Forecasting: The forecast Package for R},
   journal = {Journal of Statistical Software, Articles},
   volume = {27},
   number = {3},
   year = {2008},
   issn = {1548-7660},
   pages = {1--22},
   doi = {10.18637/jss.v027.i03},
   url = {https://www.jstatsoft.org/v027/i03}
}

@article{hannan,
 ISSN = {00063444},
 URL = {http://www.jstor.org/stable/2335856},
 author = {E. J. Hannan and J. Rissanen},
 journal = {Biometrika},
 number = {1},
 pages = {81--94},
 publisher = {[Oxford University Press, Biometrika Trust]},
 title = {Recursive Estimation of Mixed Autoregressive-Moving Average Order},
 volume = {69},
 year = {1982}
}

@booklet{gomez,
title={Automatic Model Identification in the Presence of Missing Observations and Outliers.},
author={Gómez, V.},
year={1998},
howpublished={Working paper D-98009},
editor={Ministerio de Economía y Hacienda, Dirección General de Análisis y Programación Presupuestaria}
}

@booklet{tramo,
title={Programs TRAMO and SEATS, Instructions for the Users.},
author={Gómez, V. and Maraval, A.},
year={1998},
howpublished={Working paper 97001},
editor={Ministerio de Economía y Hacienda, Dirección General de Análisis y Programación Presupuestaria}
}

@article{liu,
author = { Lon-Mu   Liu },
title = {Identification of seasonal arima models using a filtering method},
journal = {Communications in Statistics - Theory and Methods},
volume = {18},
number = {6},
pages = {2279-2288},
year  = {1989},
publisher = {Taylor & Francis},
doi = {10.1080/03610928908830035},
URL = {https://doi.org/10.1080/03610928908830035},
eprint = {https://doi.org/10.1080/03610928908830035}
}

@article{melard,
title = "Automatic ARIMA modeling including interventions, using time series expert software",
journal = "International Journal of Forecasting",
volume = "16",
number = "4",
pages = "497 - 508",
year = "2000",
note = "The M3- Competition",
issn = "0169-2070",
doi = "https://doi.org/10.1016/S0169-2070(00)00067-4",
url = "http://www.sciencedirect.com/science/article/pii/S0169207000000674",
author = "G. Mélard and J.-M. Pasteels"
}

@article{forecastpro,
author={Goodrich, R.L.},
title={The Forecast Pro Methodology},
journal={International Journal of Forecasting},
year={2000},
volume={16},
number={4},
pages={533-535},
url={http://www.forecasting-competition.com/downloads/NN3/methods/Goodrich%20(2000)%20The%20Forecast%20Pro%20methodology%20science.pdf}
}

@article{autobox,
author={Reilly, D.},
title={The Autobox System},
journal={International Journal of Forecasting},
year={2000},
volume={16},
number={4},
pages={531-533},
url={https://ideas.repec.org/a/eee/intfor/v16y2000i4p531-533.html}
}

@book{burnham2007model,
  title={Model Selection and Multimodel Inference: A Practical Information-Theoretic Approach},
  author={Burnham, K.P. and Anderson, D.R.},
  isbn={9780387224565},
  lccn={2001057677},
  url={https://books.google.co.cr/books?id=IWUKBwAAQBAJ},
  year={2007},
  publisher={Springer New York}
}

@article{doi:10.1111/1467-9892.00213,
author = {Xiao, Zhijie},
title = {Testing the Null Hypothesis of Stationarity Against an Autoregressive Unit Root Alternative},
journal = {Journal of Time Series Analysis},
volume = {22},
number = {1},
pages = {87-105},
keywords = {Brownian motion, consistency, integrated process, macroeconomic time series, stationarity, unit root test},
doi = {10.1111/1467-9892.00213},
url = {https://onlinelibrary.wiley.com/doi/abs/10.1111/1467-9892.00213},
eprint = {https://onlinelibrary.wiley.com/doi/pdf/10.1111/1467-9892.00213},
year = {2001}
}

@book{fuller1995introduction,
  title={Introduction to Statistical Time Series},
  author={Fuller, W.A.},
  isbn={9780471552390},
  lccn={95014875},
  series={Wiley Series in Probability and Statistics},
  url={https://books.google.co.cr/books?id=wyRhjmAPQIYC},
  year={1995},
  publisher={Wiley}
}

@inproceedings{Osborn2009SEASONALITYAT,
  title={Seasonality and the order of integration for consumption},
  author={Denise R. Osborn and Alice P.L. Chui and Jeremy Smith and Chris Birchenhall},
  year={2009},
url={http://www.est.uc3m.es/esp/nueva_docencia/comp_col_get/lade/tecnicas_prediccion/OCSB_OxBull1988.pdf}
}

@article{10.2307/1392184,
 ISSN = {07350015},
 URL = {http://www.jstor.org/stable/1392184},
 author = {Fabio Canova and Bruce E. Hansen},
 journal = {Journal of Business & Economic Statistics},
 number = {3},
 pages = {237--252},
 publisher = {[American Statistical Association, Taylor & Francis, Ltd.]},
 title = {Are Seasonal Patterns Constant over Time? A Test for Seasonal Stability},
 volume = {13},
 year = {1995}
}

@book{hyndman_box-jenkins,
  title={Forecasting: principles and practice},
  author={Hyndman, R.J. and Athanasopoulos, G.},
  isbn={9780987507112},
  url={https://books.google.co.cr/books?id=\_bBhDwAAQBAJ},
  year={2018},
  publisher={OTexts}
}

@misc{calidad_vitales,
author={INEC},
title={Población, nacimientos, defunciones y matrimonios},
year={2017},
pages={11},
url={http://inec.cr/sites/default/files/documetos-biblioteca-virtual/repoblacev2017_0.pdf}
}

@misc{redes,
    title={Comprehensive Analysis of Time Series Forecasting Using Neural Networks},
    author={Manie Tadayon and Yumi Iwashita},
    year={2020},
    eprint={2001.09547},
    archivePrefix={arXiv},
    primaryClass={cs.LG},
url={https://arxiv.org/pdf/2001.09547.pdf}
}

@misc{bayes,
    title={Multivariate Bayesian Structural Time Series Model},
    author={S. Rao Jammalamadaka and Jinwen Qiu and Ning Ning},
    year={2018},
    eprint={1801.03222},
    archivePrefix={arXiv},
    primaryClass={stat.ML},
url={https://arxiv.org/pdf/1801.03222.pdf}
}

@book{Hipel,
  title={Time Series Modelling of Water Resources and Environmental Systems},
  author={Hipel, K.W. and McLeod, A.I.},
  isbn={9780080870366},
  series={ISSN},
  url={https://books.google.co.cr/books?id=t1zG8OUbgdgC},
  year={1994},
  publisher={Elsevier Science}
}

@article{Zhang,
  title={Time series forecasting using a hybrid ARIMA and neural network model},
  author={G. Zhang},
  journal={Neurocomputing},
  year={2003},
  volume={50},
  pages={159-175}
}

@book{Cochrane,
author={Cochrane, John H.},
title={Time Series for Macroeconomics and Finance},
publisher={Graduate School of Business, University of Chicago},
year={1997},
url={http://econ.lse.ac.uk/staff/wdenhaan/teach/cochrane.pdf}
}

@article{Lee,
  title={Univariate time series modeling and forecasting (Box-Jenkins Method)},
  author={Lee, Junsoo},
  journal={Econ 413, lecture 4}
}

@book{Wold,
  title={Wold Decomposition},
  author={Surhone, L.M. and Timpledon, M.T. and Marseken, S.F.},
  isbn={9786131185304},
  url={https://books.google.co.cr/books?id=7cSqcQAACAAJ},
  year={2010},
  publisher={VDM Publishing}
}


@article{Ratnadip,
  author    = {Ratnadip Adhikari and
               R. K. Agrawal},
  title     = {An Introductory Study on Time Series Modeling and Forecasting},
  journal   = {CoRR},
  volume    = {abs/1302.6613},
  year      = {2013},
  url       = {http://arxiv.org/abs/1302.6613},
  archivePrefix = {arXiv},
  eprint    = {1302.6613},
  timestamp = {Fri, 13 Dec 2019 12:42:47 +0100},
  biburl    = {https://dblp.org/rec/journals/corr/abs-1302-6613.bib},
  bibsource = {dblp computer science bibliography, https://dblp.org}
}

@inbook{yule.walker,
title={Time Series: Theory and Methods},
  author={Brockwell, P.J. and Davis, R.A.},
  isbn={9781441903198},
  lccn={90025821},
  series={Springer Series in Statistics},
  url={https://books.google.co.cr/books?id=\_DcYu\_EhVzUC},
  year={2009},
  publisher={Springer},
pages={239}
}

@article{Hamzacebi,
author = {Hamza\c{c}ebi, Co\c{s}kun},
title = {Improving Artificial Neural Networks' Performance in Seasonal Time Series Forecasting},
year = {2008},
issue_date = {December, 2008},
publisher = {Elsevier Science Inc.},
address = {USA},
volume = {178},
number = {23},
issn = {0020-0255},
url = {https://doi.org/10.1016/j.ins.2008.07.024},
doi = {10.1016/j.ins.2008.07.024},
journal = {Inf. Sci.},
month = dec,
pages = {4550–4559},
numpages = {10},
keywords = {Forecasting, Holt-Winters, Artificial neural networks, Seasonal Box-Jenkins model, Seasonal time series}
}

@inproceedings{Lombardo,
author = {Flaherty, John and Lombardo, Ric},
year = {2000},
month = {01},
pages = {},
title = {Modelling Private New Housing Starts in Australia},
url={http://www.prres.net/papers/Flaherty_Modelling_Private_New_Housing_Starts_In_Australia.pdf}
}

@Inbook{pearson,
author={Benesty, J. and Chen, J.and Huang, Y.and Cohen, I},
title={Pearson Correlation Coefficient},
bookTitle={Noise Reduction in Speech Processing},
year={2009},
publisher={Springer Berlin Heidelberg},
address={Berlin, Heidelberg},
pages={37-38},
isbn={978-3-642-00296-0},
doi={10.1007/978-3-642-00296-0_5},
url={https://doi.org/10.1007/978-3-642-00296-0_5}
}

@book{medidas,
  title={An Introductory Study on Time Series Modeling and Forecasting},
  author={Adhikari, R. and K, A.R. and Agrawal, R.K.},
  isbn={9783659335082},
  url={https://books.google.co.cr/books?id=WP0tlwEACAAJ},
  year={2013},
  publisher={Lap Lambert Academic Publishing GmbH KG},
pages={42-45},
url={https://arxiv.org/ftp/arxiv/papers/1302/1302.6613.pdf}
}

@article{tsa_decades,
title = {25 years of time series forecasting},
journal = {International Journal of Forecasting},
volume = {22},
number = {3},
pages = {443-473},
year = {2006},
note = {Twenty five years of forecasting},
issn = {0169-2070},
doi = {https://doi.org/10.1016/j.ijforecast.2006.01.001},
url = {https://www.sciencedirect.com/science/article/pii/S0169207006000021},
author = {Jan G. {De Gooijer} and Rob J. Hyndman},
keywords = {Accuracy measures, ARCH, ARIMA, Combining, Count data, Densities, Exponential smoothing, Kalman filter, Long memory, Multivariate, Neural nets, Nonlinearity, Prediction intervals, Regime-switching, Robustness, Seasonality, State space, Structural models, Transfer function, Univariate, VAR},
abstract = {We review the past 25 years of research into time series forecasting. In this silver jubilee issue, we naturally highlight results published in journals managed by the International Institute of Forecasters (Journal of Forecasting 1982–1985 and International Journal of Forecasting 1985–2005). During this period, over one third of all papers published in these journals concerned time series forecasting. We also review highly influential works on time series forecasting that have been published elsewhere during this period. Enormous progress has been made in many areas, but we find that there are a large number of topics in need of further development. We conclude with comments on possible future research directions in this field.}
}

@article{tsa_decision_making,
  title={Application of Time Series Models in Business Research: Correlation, Association, Causation},
  author={Rezaee, Zabihollah and Aliabadi, Sara and Dorestani, Alireza and Rezaee, Nick J},
  journal={Sustainability},
  volume={12},
  number={12},
  pages={4833},
  year={2020},
  publisher={Multidisciplinary Digital Publishing Institute}
}

@article{calderon2012estadistica,
  title={Estadística para Estudiantes de Administración de Empresas de la Universidad Nacional del Callao},
  author={Calderón, Carlos Enrique},
  journal={Editorial San Marcos, 2da Edición, Lima Perú},
  year={2012},
url={https://unac.edu.pe/documentos/organizacion/vri/cdcitra/Informes_Finales_Investigacion/IF_JUNIO_2012/IF_CALDERON%20OTOYA_FCA/capitulo%208.pdf}
}

@article{stationary_def,
  title={An introductory study on time series modeling and forecasting},
  author={Agrawal, RK and Adhikari, R},
  journal={Nova York: CoRR},
  year={2013}
}

@book{sargent_macro,
  title={Macroeconomic Theory},
  author={Sargent, T.J.},
  isbn={9780126197501},
  lccn={78004803},
  series={Economic Theory},
  url={https://books.google.co.cr/books?id=X6u7AAAAIAAJ},
  year={1979},
  publisher={Academic Press}
}

@article{intervenciones,
  title={Using intervention time series analyses to assess the effects of imperfectly identifiable natural events: a general method and example},
  author={Gilmour, Stuart and Degenhardt, Louisa and Hall, Wayne and Day, Carolyn},
  journal={BMC medical research methodology},
  volume={6},
  number={1},
  pages={1--9},
  year={2006},
  publisher={BioMed Central}
}

@article{intervencion_economica,
  title={Intervention analysis with applications to economic and environmental problems},
  author={Box, George EP and Tiao, George C},
  journal={Journal of the American Statistical association},
  volume={70},
  number={349},
  pages={70--79},
  year={1975},
  publisher={Taylor \& Francis Group}
}

@article{AIC_BIC,
  title={Comparison of Akaike information criterion (AIC) and Bayesian information criterion (BIC) in selection of stock--recruitment relationships},
  author={Wang, Yanjun and Liu, Qun},
  journal={Fisheries Research},
  volume={77},
  number={2},
  pages={220--225},
  year={2006},
  publisher={Elsevier}
}

%Paquetes de R

@Manual{r_base,
    title = {R: A Language and Environment for Statistical Computing},
    author = {{R Core Team}},
    organization = {R Foundation for Statistical Computing},
    address = {Vienna, Austria},
    year = {2020},
    url = {https://www.R-project.org/}
  }

@Manual{astsa,
    title = {astsa: Applied Statistical Time Series Analysis},
    author = {David Stoffer},
    year = {2020},
    note = {R package version 1.12},
    url = {https://CRAN.R-project.org/package=astsa}
  }

@Manual{tidyr,
    title = {tidyr: Tidy Messy Data},
    author = {Hadley Wickham and Lionel Henry},
    year = {2019},
    note = {R package version 1.0.0},
    url = {https://CRAN.R-project.org/package=tidyr}
  }

@Manual{dplyr,
    title = {dplyr: A Grammar of Data Manipulation},
    author = {Hadley Wickham and Romain François and Lionel Henry and Kirill Müller},
    year = {2019},
    note = {R package version 0.8.3},
    url = {https://CRAN.R-project.org/package=dplyr}
  }

@Manual{parallel,
    title = {R: A Language and Environment for Statistical Computing},
    author = {{R Core Team}},
    organization = {R Foundation for Statistical Computing},
    address = {Vienna, Austria},
    year = {2019},
    url = {https://www.R-project.org/}
  }
  
@InCollection{knitr,
    booktitle = {Implementing Reproducible Computational Research},
    editor = {Victoria Stodden and Friedrich Leisch and Roger D. Peng},
    title = {knitr: A Comprehensive Tool for Reproducible Research in {R}},
    author = {Yihui Xie},
    publisher = {Chapman and Hall/CRC},
    year = {2014},
    note = {ISBN 978-1466561595},
    url = {http://www.crcpress.com/product/isbn/9781466561595},
  }

@Manual{kableExtra,
    title = {kableExtra: Construct Complex Table with 'kable' and Pipe Syntax},
    author = {Hao Zhu},
    year = {2021},
    note = {R package version 1.3.4},
    url = {https://CRAN.R-project.org/package=kableExtra},
  }
  
@Manual{readxl,
    title = {readxl: Read Excel Files},
    author = {Hadley Wickham and Jennifer Bryan},
    year = {2019},
    note = {R package version 1.3.1},
    url = {https://CRAN.R-project.org/package=readxl},
  }

@Manual{gridExtra,
    title = {gridExtra: Miscellaneous Functions for "Grid" Graphics},
    author = {Baptiste Auguie},
    year = {2017},
    note = {R package version 2.3},
    url = {https://CRAN.R-project.org/package=gridExtra},
  }

@Manual{ggpubr,
    title = {ggpubr: 'ggplot2' Based Publication Ready Plots},
    author = {Alboukadel Kassambara},
    year = {2020},
    note = {R package version 0.4.0},
    url = {https://CRAN.R-project.org/package=ggpubr},
  }

@Book{ggplot2,
    author = {Hadley Wickham},
    title = {ggplot2: Elegant Graphics for Data Analysis},
    publisher = {Springer-Verlag New York},
    year = {2016},
    isbn = {978-3-319-24277-4},
    url = {https://ggplot2.tidyverse.org},
  }

@Article{lubridate,
    title = {Dates and Times Made Easy with {lubridate}},
    author = {Garrett Grolemund and Hadley Wickham},
    journal = {Journal of Statistical Software},
    year = {2011},
    volume = {40},
    number = {3},
    pages = {1--25},
    url = {https://www.jstatsoft.org/v40/i03/},
  }

@Manual{ggseas,
    title = {ggseas: 'stats' for Seasonal Adjustment on the Fly with 'ggplot2'},
    author = {Peter Ellis},
    year = {2018},
    note = {R package version 0.5.4},
    url = {https://CRAN.R-project.org/package=ggseas},
  }

@Manual{ggpmisc,
    title = {ggpmisc: Miscellaneous Extensions to 'ggplot2'},
    author = {Pedro J. Aphalo},
    year = {2021},
    note = {R package version 0.3.9},
    url = {https://CRAN.R-project.org/package=ggpmisc},
  }

@Article{forecast,
    title = {Automatic time series forecasting: the forecast package for {R}},
    author = {Rob J Hyndman and Yeasmin Khandakar},
    journal = {Journal of Statistical Software},
    volume = {26},
    number = {3},
    pages = {1--22},
    year = {2008},
    url = {https://www.jstatsoft.org/article/view/v027i03},
  }


%%%%TMII

@article{leon,
   title = {{Mortalidad infantil: Análisis de un decenio}},
   journal = {{Revista Cubana de Medicina General Integral}},
   author={León, R.; Gallegos, B. ; Etevez, E. y  Rodriguez, S.},
   ISSN = {0864-2125},
   language = {es},
   URL = {http://scielo.sld.cu/scielo.php?script=sci_arttext&pid=S0864-21251998000600017&nrm=iso},
   volume = {14},
   year = {1998},
   month = {12},
   pages = {606 - 610},
   publisher = {scielocu}
   }

@article{donoso,
   title = {Desigualdad en mortalidad infantil entre las comunas de la provincia de Santiago},
   journal = {Revista médica de Chile},
   author={Donoso, Enrique},
   ISSN = {0034-9887},
   language = {es},
   URL = {https://scielo.conicyt.cl/scielo.php?script=sci_arttext&pid=S0034-98872004000400008&nrm=iso},
   volume = {132},
   year = {2004},
   month = {04},
   pages = {461 - 466},
   publisher = {scielocl},
   crossref = {10.4067/S0034-98872004000400008}
   }

@TECHREPORT{infantiles,
author={INEC},
title={Documento Metodológico de Defunciones Infantiles},
institution={INEC},
year={2004}
}

@TECHREPORT{mortalidad_optima,
author={Villalón, G.; Vera, S.; Ortega, F.},
title={Tabla de vida por método de mortalidad óptima},
institution={INE},
year={2006}
}

@Manual{Rincon,
    title = {Métodos para proyecciones demográficas},
    author = {Rincon, M.},
    year = {2000},
    note = {CELADE}
  }

%%% Mortalidad por causa externa

@INBOOK{CIE10,
author={OPS},
title={Clasificación Estadística Internacional de Enfermedades y Problemas Relacionados con la Salud},
publisher={OMS},
year={2016},
volume={2},
edition={2015}
}

@article{nacion,
author={Nación},
title={Morbilidad y mortalidad en Costa Rica},
journal={La Nacion},
year={2013},
month={01},
url={https://bit.ly/2xWUeXU}
}

@article{ccpexternas,
author={Cardona, D.; Escané,G.; Fantín, M. y Peláez, E.},
title={Mortalidad por causas externas: Un problema de salud pública. Argentina, Chile y Colombia. 2000-2008},
journal={Revista electrónica semestral},
year={2013},
volume={10},
number={2},
month={01},
url={https://www.researchgate.net/publication/274885475_Mortalidad_por_causa_externas_un_problema_de_salud_publica_Argentina_Chile_y_Colombia_2000-2008}
}

@article{motos,
author={Vázquez, J.},
title={En 5 años flotilla de motos se disparó en un 189 por ciento},
journal={CR Hoy},
year={2017},
month={6},
url={https://bit.ly/2QmQQfE}
}


@article{definicion_estocastico,
  title={Measuring Reliability of Stationary Stochastic Processes},
  author={Elmabrouk, Omar M},
  url={https://www.academia.edu/7140606/Measuring_Reliability_of_Stationary_Stochastic_Processes?auto=download}
}

@book{introduccion_series,
  title={Introducción a las series de tiempo. Métodos paramétricos},
  author={Ramírez, F.},
  isbn={9789589801079},
  url={https://books.google.es/books?id=KvLhxFPwvsUC},
  year={2007},
  publisher={Sello Editorial, Universidad de Medellín}
}


@book{definicion_iid,
  title={Probabilidad y estadística},
  author={Evans, M.J. and Rosenthal, J.S.},
  isbn={9788429150346},
  url={https://books.google.co.cr/books?id=ZU3MEKZFgsMC},
  year={2005},
  publisher={Reverte},
  pages={121}
}

%%%%%%%%%%% REFERENCIAS PARA LA PROPUESTA %%%%%%%%%%%%%%%%



@book{diferenciacion,
  title={An Introductory Study on Time Series Modeling and Forecasting},
  author={Adhikari, R. and K, A.R. and Agrawal, R.K.},
  isbn={9783659335082},
  url={https://books.google.co.cr/books?id=WP0tlwEACAAJ},
  year={2013},
  publisher={Lap Lambert Academic Publishing GmbH KG},
pages={16},
url={https://arxiv.org/ftp/arxiv/papers/1302/1302.6613.pdf}
}












