@article{leon,
   title = {{Mortalidad infantil: Análisis de un decenio}},
   journal = {{Revista Cubana de Medicina General Integral}},
   author={León, R.; Gallegos, B. ; Etevez, E. y  Rodriguez, S.},
   ISSN = {0864-2125},
   language = {es},
   URL = {http://scielo.sld.cu/scielo.php?script=sci_arttext&pid=S0864-21251998000600017&nrm=iso},
   volume = {14},
   year = {1998},
   month = {12},
   pages = {606 - 610},
   publisher = {scielocu},
   }

@article{donoso,
   title = {{Desigualdad en mortalidad infantil entre las comunas de la provincia de Santiago }},
   journal = {{Revista médica de Chile}},
   author={Donoso S, Enrique},
   ISSN = {0034-9887},
   language = {es},
   URL = {https://scielo.conicyt.cl/scielo.php?script=sci_arttext&pid=S0034-98872004000400008&nrm=iso},
   volume = {132},
   year = {2004},
   month = {04},
   pages = {461 - 466},
   publisher = {scielocl},
   crossref = {10.4067/S0034-98872004000400008},
   }

@TECHREPORT{infantiles,
author={INEC},
title={Documento Metodológico de Defunciones Infantiles},
institution={INEC},
year={2004}
}

@Manual{Rincon,
    title = {Métodos para proyecciones demográficas},
    author = {Rincon, M.},
    year = {2000},
    note = {CELADE},
  }

@TECHREPORT{mortalidad_optima,
author={Villalón, G.; Vera, S.; Ortega, F.},
title={Tabla de vida por método de mortalidad óptima},
institution={INE},
year={2006}
}


@Manual{readxl,
    title = {readxl: Read Excel Files},
    author = {Hadley Wickham and Jennifer Bryan},
    year = {2018},
    note = {R package version 1.1.0},
    url = {https://CRAN.R-project.org/package=readxl},
  }

@Manual{tidyr,
    title = {tidyr: Easily Tidy Data with 'spread()' and 'gather()' Functions},
    author = {Hadley Wickham and Lionel Henry},
    year = {2018},
    note = {R package version 0.8.1},
    url = {https://CRAN.R-project.org/package=tidyr},
  }

@Manual{dplyr,
    title = {dplyr: A Grammar of Data Manipulation},
    author = {Hadley Wickham and Romain François and Lionel Henry and Kirill Müller},
    year = {2018},
    note = {R package version 0.7.6},
    url = {https://CRAN.R-project.org/package=dplyr},
  }

@Article{lubridate,
    title = {Dates and Times Made Easy with {lubridate}},
    author = {Garrett Grolemund and Hadley Wickham},
    journal = {Journal of Statistical Software},
    year = {2011},
    volume = {40},
    number = {3},
    pages = {1--25},
    url = {http://www.jstatsoft.org/v40/i03/},
  }

@Manual{forecast,
    title = {forecast: Forecasting functions for time series and linear models},
    author = {Hyndman R, Athanasopoulos G, Bergmeir C, Caceres G, Chhay L, O'Hara-Wild M, Petropoulos F, Razbash
S, Wang E, Yasmeen F.},
    year = {2018},
    note = {R package version 0.8.1},
    url = {http://www.jstatsoft.org/article/view/v027i03},
  }

@Book{ggplot2,
    author = {Hadley Wickham},
    title = {ggplot2: Elegant Graphics for Data Analysis},
    publisher = {Springer-Verlag New York},
    year = {2016},
    isbn = {978-3-319-24277-4},
    url = {http://ggplot2.org},
  }

@Manual{ggseas,
    title = {ggseas: 'stats' for Seasonal Adjustment on the Fly with 'ggplot2'},
    author = {Peter Ellis},
    year = {2018},
    note = {R package version 0.5.4},
    url = {https://CRAN.R-project.org/package=ggseas},
  }

@Book{ggpmisc,
    author = {Pedro J. Aphalo},
    title = {Learn R ...as you learnt your mother tongue},
    publisher = {Leanpub},
    year = {2016},
    url = {https://leanpub.com/learnr},
  }
