@INBOOK{CIE10,
author={OPS},
title={Clasificación Estadística Internacional de Enfermedades y Problemas Relacionados con la Salud},
publisher={OMS},
year={2016},
volume={2},
edition={2015}
}

@article{nacion,
author={Nación},
title={Morbilidad y mortalidad en Costa Rica},
journal={La Nacion},
year={2013},
month={01},
url={https://bit.ly/2xWUeXU}
}

@article{ccp,
author={Cardona, D.; Escané,G.; Fantín, M. y Peláez, E.},
title={Mortalidad por causas externas: Un problema de salud pública. Argentina, Chile y Colombia. 2000-2008},
journal={Revista electrónica semestral},
year={2013},
volume={10},
number={2},
month={01},
url={https://www.researchgate.net/publication/274885475_Mortalidad_por_causa_externas_un_problema_de_salud_publica_Argentina_Chile_y_Colombia_2000-2008}
}

@Manual{readxl,
    title = {readxl: Read Excel Files},
    author = {Hadley Wickham and Jennifer Bryan},
    year = {2018},
    note = {R package version 1.1.0},
    url = {https://CRAN.R-project.org/package=readxl},
  }

@Manual{tidyr,
    title = {tidyr: Easily Tidy Data with 'spread()' and 'gather()' Functions},
    author = {Hadley Wickham and Lionel Henry},
    year = {2018},
    note = {R package version 0.8.1},
    url = {https://CRAN.R-project.org/package=tidyr},
  }

@Manual{dplyr,
    title = {dplyr: A Grammar of Data Manipulation},
    author = {Hadley Wickham and Romain François and Lionel Henry and Kirill Müller},
    year = {2018},
    note = {R package version 0.7.6},
    url = {https://CRAN.R-project.org/package=dplyr},
  }

@Article{lubridate,
    title = {Dates and Times Made Easy with {lubridate}},
    author = {Garrett Grolemund and Hadley Wickham},
    journal = {Journal of Statistical Software},
    year = {2011},
    volume = {40},
    number = {3},
    pages = {1--25},
    url = {http://www.jstatsoft.org/v40/i03/},
  }

@Manual{forecast,
    title = {forecast: Forecasting functions for time series and linear models},
    author = {Hyndman R, Athanasopoulos G, Bergmeir C, Caceres G, Chhay L, O'Hara-Wild M, Petropoulos F, Razbash
S, Wang E, Yasmeen F.},
    year = {2018},
    note = {R package version 0.8.1},
    url = {http://www.jstatsoft.org/article/view/v027i03},
  }

@Book{ggplot2,
    author = {Hadley Wickham},
    title = {ggplot2: Elegant Graphics for Data Analysis},
    publisher = {Springer-Verlag New York},
    year = {2016},
    isbn = {978-3-319-24277-4},
    url = {http://ggplot2.org},
  }

@Manual{ggseas,
    title = {ggseas: 'stats' for Seasonal Adjustment on the Fly with 'ggplot2'},
    author = {Peter Ellis},
    year = {2018},
    note = {R package version 0.5.4},
    url = {https://CRAN.R-project.org/package=ggseas},
  }

@Book{ggpmisc,
    author = {Pedro J. Aphalo},
    title = {Learn R ...as you learnt your mother tongue},
    publisher = {Leanpub},
    year = {2016},
    url = {https://leanpub.com/learnr},
  }


@article{nacion2,
author={Mata, L. },
title={Homicidios y suicidios en Costa Rica},
journal={La Nacion},
year={1995},
month={12},
url={https://bit.ly/2P579gR}
}

@article{motos,
author={Vázquez, J.},
title={En 5 años flotilla de motos se disparó en un 189 por ciento},
journal={CR Hoy},
year={2017},
month={6},
url={https://bit.ly/2QmQQfE}
}